<?xml version="1.0" encoding="UTF-8"?><collection xmlns="http://www.loc.gov/MARC21/slim"><record><leader>00566nam--2200181-i-4500</leader><controlfield tag="001">000016536</controlfield><controlfield tag="002">20161230</controlfield><controlfield tag="005">20161230201031</controlfield><controlfield tag="008">060222s1000------------r-----000-0-eng-d</controlfield><datafield ind1=" " ind2=" " tag="020"><subfield code="a">0122086554</subfield></datafield><datafield ind1=" " ind2=" " tag="040"><subfield code="a">IFIN-HH</subfield></datafield><datafield ind1=" " ind2=" " tag="080"><subfield code="a">534.1-14:537.87(024)</subfield></datafield><datafield ind1="1" ind2=" " tag="100"><subfield code="a">De Hoop, Adrianus T</subfield></datafield><datafield ind1="1" ind2="0" tag="245"><subfield code="a">Handbook of radiation and scattering of waves: acoustic waves in fluids, elastic waves in solids, electromagnetic waves</subfield><subfield code="c">Adrianus t. de hoop</subfield></datafield><datafield ind1=" " ind2=" " tag="260"><subfield code="a">London, Academic Press, 1995</subfield></datafield><datafield ind1=" " ind2=" " tag="300"><subfield code="a">XXX+1085P</subfield></datafield><datafield ind1=" " ind2=" " tag="852"><subfield code="a">80561</subfield><subfield code="c">534</subfield></datafield><datafield ind1=" " ind2=" " tag="CAT"><subfield code="a">Sys</subfield><subfield code="c">20101014</subfield><subfield code="h">090901</subfield></datafield></record></collection>